% https://verbosus.com/bibtex-style-examples.html


@book{Mechatronics,
  title={Mechatronic systems design: methods, models, concepts},
  author={Janschek, Klaus},
  year={2011},
  publisher={Springer Science \& Business Media}
}

@book{boyd2004convex,
  title={Convex optimization},
  author={Boyd, Stephen and Vandenberghe, Lieven},
  year={2004},
  publisher={Cambridge university press}
}

@article{roos2007towards,
  title={Towards a methodology for integrated design of mechatronic servo systems},
  author={Roos, Fredrik},
  year={2007},
  publisher={KTH}
}