% https://verbosus.com/bibtex-style-examples.html

@Book{VDI,
  author    = {VDI. 2206}, 
  title     = {Design methodology for mechatronic systems},
  address   = {Dusseldorf},
  publisher = {VDI-Verlag},
  year      = 2004,
}

@Book{Ulrich,
  author    = {Karl T. Ulrich and Steven D. Eppinger}, 
  title     = {Product design and
development},
  edition   = {5th},
  address   = {New York},
  publisher = {McGraw-Hill/Irwin},
  year      = 2011,
}

@article{Holistic,
  author  = {Daniel Malmquist and Daniel Frede and Jan Wikander}, 
  title   = {Holistic design methodology for
mechatronic systems},
  journal = {Journal of Systems and Control Engineering},
  year    = 2014,
  volume  = {228},
  number  = ,
  pages   = {741-757},
  month   = ,
  note    = {Published online}, 
  
}

@phdthesis{Roos,
  author    = {Fredrik Roos}, 
  title     = {Integrated Design of Mechatronic Servo Systems},
  school = {KTH Royal Institute of Technology},
  year      = 2007,
}

@Manual{CVXtool,
  author    = {Michael C. Grant and Stephen Boyd}, 
  title     = {The CVX Users’ Guide},
  organization = {CVX Research, Inc.},
  edition   = {2.1},
  year      = 2015,
}

@article{Nongradient,
  author  = {Warren Hare and Julie Nutini and Solomon Tesfamariam}, 
  title   = {A survey of non-gradient optimization methods in structural engineering},
  journal = {Advances in Engineering Software},
  year    = 2013,
  volume  = {59},
  number  = ,
  pages   = {19-28},
  month   = ,
  note    = {Published online},  
}

@Book{Convex,
  author    = {Stephen Boyd and Lieven Vandenberghe}, 
  title     = {Convex Optimization},
  edition   = {1st},
  address   = {New York},
  publisher = {Cambridge University Press},
  year      = 2004,
}

@Misc{Risk,
howpublished = {\url{https://www.wrike.com/blog/ultimate-guide-to-project-risk-part-1-risk-assessment/}},
note = {Accessed Sep. 15, 2015},
title = {Project Risk Assessment},
author = {Emily Bonnie}
}


@Book{dataFormats,
  author    = {S. Chatterji and S. Sengupta and B.G. Rao and D. Banerjee}, 
  title     = {A tool for converting different data representation formats},
  publisher = {IEEE},
  year      = 2014,
}
@book{step,
  author    = {P.P. Acarnley}, 
  title     = {Stepping Motors: A Guide to Theory and Practice},
  publisher = {IEE},
  year      = 2002,
  edition   = 4
}
@book{feynman,
  author    = {Richard Feynman}, 
  title     = {The Feynman Lectures on Physics},
  publisher = {Addison Wesley Longman},
  year      = 1977,
  volume    = 1,
  series    = 3,
  address   = {Boston},
  edition   = 1,
  month     = 2,
  isbn      = {0201021161}
}

@book{Optics,
  author    = {Kaihua Zhao and Xihua Zhong}, 
  title     = {Optics},
  publisher = {Beijing University},
  year      = 2008,
  volume    = 1,
  series    = 2,
  address   = {Beijing},
  edition   = 1,
  month     = 6,
  isbn      = {9787301001943}
}

@book{RealTimeRendering,
  author    = {Tomas Akenine-Möller and Eric Iaines and Naty Hoffman}, 
  title     = {Real Time Rendering, Third edition},
  publisher = {A K Peters, Ltd},
  year      = 2008,
  volume    = 3,
  series    = 1,

}

@Misc{ies,
howpublished = {\url{http://www.cgarena.com/freestuff/tutorials/max/ieslights}},
note = {Accessed April 21, 2015},
title = {Understanding IES Lights},
author = {CGArena}
}

@Misc{illuminance,
howpublished = {\url{hhttp://www.dnp-screens.com/DNP08/Technology/Basic-Visual/What-is-light/Illuminance.aspx}},
note = {Accessed April 20, 2015},
title = {Illuminance},
author = {DNP Denmark AS}
}

@Misc{ictLightStages,
howpublished = {\url{http://gl.ict.usc.edu/LightStages/}},
note = {Accessed May 5, 2015},
title = {Light Stages},
author = {University of Southern California - Institute of Creative Technologies}
}

@Misc{esperDesign,
howpublished = {\url{http://www.esperdesign.co.uk/}},
note = {Accessed May 5, 2015},
title = {Esper Design},
author = {Esper Design}
}

@Misc{IndigoRenderer,
howpublished={\url{http://www.indigorenderer.com/what-unbiased-ray-tracer}},
note={Accesed Apil 28, 2015},
title={Indigo Renderer, unbiased ray tracer},
author={Indigo Renderer}
}

@Misc{photogrammetryPioneer,
howpublished = {\url{http://www.theulegium.de/fileadmin/user_upload/Texte/Meydenb.pdf/}},
note = {Accessed April 20, 2015},
title = {Pioneer of photogrammetric documentation of the cultural heritage},
author = {Jörg Albertz}
}

@Misc{wireGauge,
howpublished = {\url{http://web.hep.uiuc.edu/home/serrede/P436/Lecture_Notes/American_Wire_Gauge.pdf}},
note = {Accessed May 17, 2015},
title = {American Wire Gauge (AWG) \& Metric Gauge Wire Sizes},
author = {High Energy Physics}
}

@Misc{poe,
howpublished = {\url{http://www.veracityglobal.com/resources/articles-and-white-papers/poe-explained-part-1.aspx}},
note = {Accessed May 17, 2015},
title = {Power Over Ethernet (POE) Explained},
author = {Veracity Global}
}

@Misc{cat6,
howpublished = {\url{http://se.farnell.com/belden/7812e-0061640/cable-7812e-cat6-4pair-500m/dp/1218048}},
note = {Accessed May 17, 2015},
title = {BELDEN  7812E 0061640  CABLE, 7812E, CAT6, 4PAIR, 500M},
author = {Belden}
}

@Misc{poeInjector,
howpublished = {\url{http://www.eidusa.com/Electronics_Kits_PoE_injector.htm}},
note = {Accessed May 17, 2015},
title = {Power Over Ethernet (PoE) Injector},
author = {Erlich Industrial Development Corporation}
}

@Misc{2vDomeCalculator,
howpublished = {\url{http://www.domerama.com/calculators/2v-geodesic-dome-calculator/}},
note = {Accessed May 19, 2015},
title = {2V Geodesic Dome Calculator},
author = {Domerama}
}

@Misc{maximumCanBusLength,
howpublished = {\url{http://digital.ni.com/public.nsf/allkb/D5DD09186EBBFA128625795A000FC025}},
note = {Accessed May 19, 2015},
title = {What is the Maximum Cable Length For a CAN Bus?},
author = {NationalInstruments}
}

@Misc{nikonD5300Specifications,
howpublished = {\url{http://imaging.nikon.com/lineup/dslr/d5300/spec.htm}},
note = {Accessed May 20, 2015},
title = {Nikon Digital SLR Camera D5300 Specifications},
author = {Nikon}
}



@article{Fresnel,
  author  = {Alexander I. Lvovsky}, 
  title   = {Fresnel Equations},
  journal = {Encyclopedia of Optical Engineering},
  year    = 2013,
  number  = 13,
  pages   = {1-6},
  month   = 2,
  note    = {Published online}, 
  volume   = 1
}

@article{Konrad,
  author  = {Konrad Etschberger}, 
  title   = {Comparing CAN- and Ethernet-based Communication},
  journal = ,
  year    = ,
  number  = ,
  pages   = {1-3},
  month   = ,
  note    = {Published online}, 
  volume   = 1
}


@article{metalFree,
  author  = {ChaBum Lee}, 
  title   = {Total Internal Reflection-Based High Efficiency Grating Design for a Metal-Free Polarizing Filter Applications Using Hybrid Optimization Procedure},
  journal = {Advances in Optical Technologies},
  year    = 2014,
  number  = 14,
  month   = 2, 
  volume   = 2014
}

@article{tunable,
  author  = {Junqi Guo and Yange Liu and Zhi Wang and Tingting Han and Wei Huang and Mingming Luo}, 
  title   = {Tunable fiber polarizing filter based on a single-hole-infiltrated polarization maintaining photonic crystal fiber},
  journal = {Optics express},
  year    = 2014,
  number  = 7,
  page   = {7607-7616},
  month   = 3, 
  volume   = 22
}

@Misc{filter,
howpublished = {\url{http://www.digitalcameraworld.com/2013/09/24/best-circular-polarizer-filter-5-top-models-tested-and-rated/}},
note = {Accessed May 2, 2015},
title = {Best circular polarizer filter: 5 top models tested and rated},
author = {Digital Camera World}
}

@article{photogrammetryScanning,
  author  = {Z. Majid and A.K.B. Chong and A. Ahmad and H. Setan and A.R. Samsudin}, 
  title   = {Photogrammetry and 3D laser scanning as spatial data capture techniques for a national craniofacial database},
  journal = {Photogrammetric Record},
  year    = 2005,
  number  = 109,
  month   = 3, 
  volume   = 20
}
